@inproceedings{rios2009trains,
  title={trains: An artificial inteligence for openttd},
  author={Rios, Luis Henrique Oliveira and Chaimowicz, Luiz},
  booktitle={2009 VIII Brazilian Symposium on Games and Digital Entertainment},
  pages={52--63},
  year={2009},
  organization={IEEE}
}

@article{wisniewski2011artificial,
	title={Artificial Intelligence for the OpenTTD Game},
	author={Wisniewski, Maciej and Carsten, W},
	journal={Kongens Lyngby: Technical University of Denmark.[vid. 9.11. 2014]. Dostupn{\'e} z: http://www2. imm. dtu. dk/pubdb/views/edoc\_download. php/6091/pdf/imm6091. pdf. ISSN},
	pages={0909--3192},
	year={2011}
}

@misc{openttd,
	title={Hivatalos weboldal},
	author={OpenTTD Team},
	howpublished="\url{https://www.openttd.org}",
	year={[Online, 2021.04.10]}
}

@misc{openttdforum,
	title={PathZilla (v6) - A networking AI},
	author={Transport Tycoon Forums},
	howpublished="\url{https://www.tt-forums.net/viewtopic.php?t=38645}",
	year={[Online, 2021.04.10]}
}

@misc{openttdbananas,
	title={BaNaNaS repository},
	author={OpenTTD Team},
	howpublished="\url{https://bananas.openttd.org/}",
	year={[Online, 2021.04.10]}
}

@misc{squirrel,
	title={Squirrel language},
	author={Alberto Demichelis},
	howpublished="\url{http://www.squirrel-lang.org/}",
	year={[Online, 2021.04.10]}
}

@misc{noaidev,
	title={OpenTTD Development},
	author={OpenTTD Team},
	howpublished="\url{https://wiki.openttd.org/en/Development/Script/}",
	year={[Online, 2021.04.10]}
}

@book{ierusalimschy2006programming,
	title={Programming in lua},
	author={Ierusalimschy, Roberto},
	year={2006},
	publisher={Roberto Ierusalimschy}
}

